<collection xmlns="http://www.loc.gov/MARC21/slim"><record><leader>01211nam  2200373   450</leader><controlfield tag="001">579</controlfield><controlfield tag="003">http://montalegre.opacnet.com/OPAC/default.aspx?ContentAreaControl=ShowRegHoldings.ascx&amp;RegNo=16662</controlfield><controlfield tag="005">20</controlfield><datafield tag="010" ind1=" " ind2=" "><subfield code="a">972-46-0576-0</subfield></datafield><datafield tag="021" ind1=" " ind2=" "><subfield code="a">PT</subfield><subfield code="b">57210/92</subfield></datafield><datafield tag="095" ind1=" " ind2=" "><subfield code="a">PTBN00392344</subfield></datafield><datafield tag="100" ind1=" " ind2=" "><subfield code="a">19920917d1992    m  y0pory010305  ba</subfield></datafield><datafield tag="101" ind1="0" ind2=" "><subfield code="a">por</subfield></datafield><datafield tag="102" ind1=" " ind2=" "><subfield code="a">PT</subfield></datafield><datafield tag="105" ind1=" " ind2=" "><subfield code="a">y   z   000ay</subfield></datafield><datafield tag="106" ind1=" " ind2=" "><subfield code="a">r</subfield></datafield><datafield tag="200" ind1="1" ind2=" "><subfield code="a">Planalto de Gostofrio</subfield><subfield code="f">Bento da Cruz</subfield><subfield code="g">pref. Óscar Lopes</subfield></datafield><datafield tag="210" ind1=" " ind2=" "><subfield code="a">Lisboa</subfield><subfield code="c">Notícias</subfield><subfield code="d">D.L. 1992</subfield></datafield><datafield tag="215" ind1=" " ind2=" "><subfield code="a">VII, 359 p.</subfield><subfield code="d">21 cm</subfield></datafield><datafield tag="225" ind1="2" ind2=" "><subfield code="a">Obras de Bento da Cruz</subfield></datafield><datafield tag="675" ind1=" " ind2=" "><subfield code="a">821.134.3-4"19"</subfield><subfield code="v">BN</subfield><subfield code="z">por</subfield></datafield><datafield tag="675" ind1=" " ind2=" "><subfield code="a">821.134.3-31"19"</subfield></datafield><datafield tag="700" ind1=" " ind2="1"><subfield code="a">Cruz</subfield><subfield code="b">Bento da</subfield><subfield code="f">1925-</subfield></datafield><datafield tag="702" ind1=" " ind2="1"><subfield code="a">Lopes</subfield><subfield code="b">Óscar</subfield><subfield code="f">1917-</subfield><subfield code="4">080</subfield></datafield><datafield tag="801" ind1=" " ind2="0"><subfield code="a">PT</subfield><subfield code="b">Biblioteca Municipal de Montalegre</subfield><subfield code="g">RPC</subfield></datafield><datafield tag="856" ind1=" " ind2=" "><subfield code="u">locateMedia.asp?cod=20060518154959&amp;ext=jpg</subfield><subfield code="z">CAPA</subfield></datafield><datafield tag="909" ind1="&#9;" ind2=" "><subfield code="a">9</subfield></datafield><datafield tag="966" ind1=" " ind2=" "><subfield code="a">0014836</subfield><subfield code="l">BMM</subfield><subfield code="s">SCG 821.134.3(469.202) CRU pla</subfield></datafield><datafield tag="966" ind1=" " ind2=" "><subfield code="a">1001786</subfield><subfield code="l">BEM</subfield><subfield code="s">BEM 82-34 CRU</subfield></datafield><datafield tag="966" ind1=" " ind2=" "><subfield code="a">1001782</subfield><subfield code="l">BEM</subfield><subfield code="s">BEM 82-34 CRU</subfield></datafield><datafield tag="966" ind1=" " ind2=" "><subfield code="a">1001783</subfield><subfield code="l">BEM</subfield><subfield code="s">BEM 82-34 CRU</subfield></datafield><datafield tag="966" ind1=" " ind2=" "><subfield code="a">1001787</subfield><subfield code="l">BEM</subfield><subfield code="s">BEM 82-34 CRU</subfield></datafield><datafield tag="966" ind1=" " ind2=" "><subfield code="a">1001784</subfield><subfield code="l">BEM</subfield><subfield code="s">BEM 82-34 CRU</subfield></datafield><datafield tag="966" ind1=" " ind2=" "><subfield code="a">1001785</subfield><subfield code="l">BEM</subfield><subfield code="s">BEM 82-34 CRU</subfield></datafield><datafield tag="966" ind1=" " ind2=" "><subfield code="a">1001775</subfield><subfield code="l">BEM</subfield><subfield code="s">BEM 82-34 CRU</subfield></datafield><datafield tag="966" ind1=" " ind2=" "><subfield code="a">1103805</subfield><subfield code="l">BEBB</subfield><subfield code="s">BEBB 821.134.3 CRU</subfield></datafield></record></collection>